@misc{github2014,
  title = "{GitHub: Social Coding}",
  author = "GitHub Inc.",
  year  = "2014",
  note  = "Accessed 15-06-2014",
  url   = "www.github.com"
}

@misc{opencv2014,
  title = "{OpenCV (Open Source Computer Vision)}",
  author = "Itseez",
  year  = "2014",
  note  = "Accessed 15-06-2014",
  url   = "www.opencv.org"
}

@misc{blocsim2014,
  title = "BlocSim",
  author = "Chris Ponticello",
  year  = "2014",
  note  = "Accessed 15-06-2014",
  url   = "www.github.com/CPonty/BlocSim"
}

@misc{gplv2,
title = {GNU General Public License, version 2},
author = {FreeSoftwareFoundationInc},
url = {www.gnu.or/licenses/gpl-2.0.html},
note = "Accessed 16-06-2014",
year = {2007},
month = {June}
}
